@misc{main,
  doi = {10.48550/ARXIV.1505.05770},
  url = {https://arxiv.org/abs/1505.05770},
  author = {Rezende, Danilo Jimenez and Mohamed, Shakir},
  keywords = {Machine Learning (stat.ML), Artificial Intelligence (cs.AI), Machine Learning (cs.LG), Computation (stat.CO), Methodology (stat.ME), FOS: Computer and information sciences, FOS: Computer and information sciences},
  title = {Variational Inference with Normalizing Flows},
  publisher = {arXiv},
  year = {2015},
  copyright = {arXiv.org perpetual, non-exclusive license}
},
@misc{nice,
  doi = {10.48550/ARXIV.1410.8516},
  url = {https://arxiv.org/abs/1410.8516},
  author = {Dinh, Laurent and Krueger, David and Bengio, Yoshua},
  keywords = {Machine Learning (cs.LG), FOS: Computer and information sciences, FOS: Computer and information sciences},
  title = {NICE: Non-linear Independent Components Estimation},
  publisher = {arXiv},
  year = {2014},
  copyright = {arXiv.org perpetual, non-exclusive license}
},
@article{mnist,
  author = {LeCun, Yann and Cortes, Corinna},
  howpublished = {http://yann.lecun.com/exdb/mnist/},
  title = {The {MNIST} database of handwritten digits},
  url = {http://yann.lecun.com/exdb/mnist/},
  year = {1998}
},
@book{bishop,
author = {Bishop, Christopher M.},
title = {Pattern Recognition and Machine Learning (Information Science and Statistics)},
year = {2006},
isbn = {0387310738},
publisher = {Springer-Verlag},
address = {Berlin, Heidelberg}
},
@inproceedings{conv_flow,
 author = {Karami, Mahdi and Schuurmans, Dale and Sohl-Dickstein, Jascha and Dinh, Laurent and Duckworth, Daniel},
 booktitle = {Advances in Neural Information Processing Systems},
 editor = {H. Wallach and H. Larochelle and A. Beygelzimer and F. d\textquotesingle Alch\'{e}-Buc and E. Fox and R. Garnett},
 pages = {},
 publisher = {Curran Associates, Inc.},
 title = {Invertible Convolutional Flow},
 url = {https://proceedings.neurips.cc/paper/2019/file/b1f62fa99de9f27a048344d55c5ef7a6-Paper.pdf},
 volume = {32},
 year = {2019}
},
@misc{stochasticVI,
  doi = {10.48550/ARXIV.1206.7051},
  url = {https://arxiv.org/abs/1206.7051},
  author = {Hoffman, Matt and Blei, David M. and Wang, Chong and Paisley, John},
  keywords = {Machine Learning (stat.ML), Artificial Intelligence (cs.AI), Computation (stat.CO), Methodology (stat.ME), FOS: Computer and information sciences, FOS: Computer and information sciences},
  title = {Stochastic Variational Inference},
  publisher = {arXiv},
  year = {2012},
  copyright = {arXiv.org perpetual, non-exclusive license}
},
@article{flows_review,
	doi = {10.1109/tpami.2020.2992934},
	url = {https://doi.org/10.1109%2Ftpami.2020.2992934},
	year = 2021,
	month = {nov},
	publisher = {Institute of Electrical and Electronics Engineers ({IEEE})},
	volume = {43},
	number = {11},
	pages = {3964--3979},
	author = {Ivan Kobyzev and Simon J.D. Prince and Marcus A. Brubaker},
	title = {Normalizing Flows: An Introduction and Review of Current Methods},
	journal = {{IEEE} Transactions on Pattern Analysis and Machine Intelligence}
}

