@misc{flows,
  doi = {10.48550/ARXIV.1505.05770},
  
  url = {https://arxiv.org/abs/1505.05770},
  
  author = {Rezende, Danilo Jimenez and Mohamed, Shakir},
  
  keywords = {Machine Learning (stat.ML), Artificial Intelligence (cs.AI), Machine Learning (cs.LG), Computation (stat.CO), Methodology (stat.ME), FOS: Computer and information sciences, FOS: Computer and information sciences},
  
  title = {Variational Inference with Normalizing Flows},
  
  publisher = {arXiv},
  
  year = {2015},
  
  copyright = {arXiv.org perpetual, non-exclusive license}
},
@misc{nice,
  doi = {10.48550/ARXIV.1410.8516},
  
  url = {https://arxiv.org/abs/1410.8516},
  
  author = {Dinh, Laurent and Krueger, David and Bengio, Yoshua},
  
  keywords = {Machine Learning (cs.LG), FOS: Computer and information sciences, FOS: Computer and information sciences},
  
  title = {NICE: Non-linear Independent Components Estimation},
  
  publisher = {arXiv},
  
  year = {2014},
  
  copyright = {arXiv.org perpetual, non-exclusive license}
}



